@misc{ Nobody06,
       author = "Nobody Jr",
       title = "My Article",
       year = "2006" }

https://www.princeton.edu/~mwatson/Stock-Watson_3u/Students/EE_Datasets/employment_06_07.xlsx